<?xml version="1.0" encoding="UTF-8"?><collection xmlns="http://www.loc.gov/MARC21/slim"><record><leader>00701nam--2200181-i-4500</leader><controlfield tag="001">000013376</controlfield><controlfield tag="002">20161230</controlfield><controlfield tag="005">20161230201030</controlfield><controlfield tag="008">060222s1000------------r-----000-0-fre-d</controlfield><datafield ind1=" " ind2=" " tag="040"><subfield code="a">IFIN-HH</subfield></datafield><datafield ind1=" " ind2=" " tag="041"><subfield code="a">fre</subfield></datafield><datafield ind1=" " ind2=" " tag="080"><subfield code="a">535.37:621.039.534.36:546.29(043)</subfield></datafield><datafield ind1="1" ind2=" " tag="100"><subfield code="a">Dutuit, Odile (Nee Fleischmann)</subfield></datafield><datafield ind1="1" ind2="0" tag="245"><subfield code="a">Relaxation collisionnelle et radiative des premiers etats excites de gaz rare. transfert d energie des atomes excites d argon a diverses molecules et fluorescence du xenon moleculaire excite par le rayonnement synchrotron</subfield><subfield code="b">These</subfield><subfield code="c">Odile dutuit (nee fleischmann)</subfield></datafield><datafield ind1=" " ind2=" " tag="260"><subfield code="a">Paris-sud</subfield><subfield code="b">Universite</subfield><subfield code="c">1978</subfield></datafield><datafield ind1=" " ind2=" " tag="300"><subfield code="a">133P</subfield></datafield><datafield ind1=" " ind2=" " tag="852"><subfield code="a">48420</subfield><subfield code="c">535.37</subfield></datafield><datafield ind1=" " ind2=" " tag="CAT"><subfield code="a">Sys</subfield><subfield code="c">20110426</subfield><subfield code="h">155820</subfield></datafield></record></collection>